@MISC{adger2011,
  AUTHOR = {Adger, David},
  DATE = {2011-04},
  TITLE = {Label and Structures},
}

@MISC{adger2017,
  AUTHOR = {Adger, David},
  DATE = {2017-02},
  TITLE = {A Memory Architecture for Merge},
}

@BOOK{chomsky1995,
  AUTHOR = {Chomsky, Noam},
  PUBLISHER = {MIT Press},
  DATE = {1995},
  ISBN = {9780262531283},
  SERIES = {Current studies in linguistics series},
  TITLE = {The Minimalist Program},
}

@BOOK{chomsky1998,
  AUTHOR = {Chomsky, Noam},
  PUBLISHER = {MIT Working Papers in Linguistics, MIT, Department of Linguistics},
  DATE = {1998},
  SERIES = {MIT occasional papers in linguistics},
  TITLE = {Minimalist Inquiries: The Framework},
}

@BOOK{chomsky1999,
  AUTHOR = {Chomsky, Noam},
  PUBLISHER = {MIT, Department of Linguistics},
  DATE = {1999},
  SERIES = {MIT occasional papers in linguistics},
  TITLE = {Derivation by Phase},
}

@ARTICLE{chomsky2013,
  AUTHOR = {Chomsky, Noam},
  DATE = {2013},
  DOI = {http://dx.doi.org/10.1016/j.lingua.2012.12.003},
  ISSN = {0024-3841},
  JOURNALTITLE = {Lingua},
  KEYWORDS = {Minimal search},
  NOTE = {SI: Syntax and cognition: core ideas and results in syntax},
  PAGES = {33--49},
  TITLE = {Problems of projection},
  VOLUME = {130},
}

@INBOOK{chomsky2015,
  AUTHOR = {Chomsky, Noam},
  BOOKTITLE = {Structures, Strategies and Beyond: Studies in honour of Adriana Belletti},
  DATE = {2015},
  DOI = {http://10.1075/la.223.01cho},
  PAGES = {1--16},
  SERIES = {Linguistic Aktuell},
  TITLE = {Problems of projection: Extensions},
  VOLUME = {223},
}

@INCOLLECTION{collins2002,
  AUTHOR = {Collins, Christopher},
  EDITOR = {Epstein, Samuel and Seely, Daniel},
  LOCATION = {Oxford},
  PUBLISHER = {Blackwell},
  BOOKTITLE = {{Derivation and explanation in the minimalist program}},
  DATE = {2002},
  PAGES = {42--64},
  TITLE = {{Eliminating labels}},
}

@BOOK{clark_handbook_2010-1,
  AUTHOR = {Clark, Alexander},
  DATE = {2010},
  ISBN = {978-14-0515-581-6},
  TITLE = {The Handbook of Computational Linguistics and Natural Language Processing},
  VOLUME = {1},
}

@BOOK{ellis_study_101,
  AUTHOR = {Ellis, Rod},
  DATE = {1994},
  ISBN = {978-01-9442-257-4},
  TITLE = {The Study of Second Language Acquisition},
  VOLUME = {1},
}

@BOOK{kurdi_natural_2016-2,
  AUTHOR = {Kurdi, Mohamed Zakaria},
  DATE = {2016},
  TITLE = {Natural Language Processing and Computational Linguistics},
}

@BOOK{guasti2002,
  AUTHOR = {Guasti, Maria Teresa},
  PUBLISHER = {The MIT Press},
  DATE = {2002},
  ISBN = {9780262072229},
  TITLE = {Language Acquisition: The Growth of Grammar},
}

@BOOK{beekes_comparative_2011,
  AUTHOR = {Beekes, R. S. P. and Cor de Vaan, M. A.},
  PUBLISHER = {John Benjamins Publishing},
  DATE = {2011},
  ISBN = {978-90-2721-185-9},
  TITLE = {Comparative Indo-European Linguistics},
  VOLUME = {1},
}

@BOOK{kuebler-corpus_linguistics,
  AUTHOR = {Kuebler, Sandra and Zinsmeister, Heike},
  PUBLISHER = {Bloomsbury Academic},
  DATE = {2015},
  EDITION = {annotated edition},
  ISBN = {1441116753,9781441116758},
  TITLE = {Corpus Linguistics and Linguistically Annotated Corpora},
}

@BOOK{bird-nltk,
  AUTHOR = {Bird, Steven and Klein, Ewan and Loper, Edward},
  PUBLISHER = {O'Reilly Media},
  DATE = {2009},
  ISBN = {978-0-596-51649-9},
  TITLE = {Natural Language Processing with Python: Analyzing Text with the Natural Language Toolkit},
}

@ARTICLE{longobardi-n_movement,
  AUTHOR = {Longobardi, Giuseppe},
  PUBLISHER = {MIT Press Journals},
  DATE = {1994},
  ISSN = {0024-3892},
  JOURNALTITLE = {Linguistic Inquiry},
  PAGES = {609--665},
  TITLE = {Reference and proper names: a theory of N-movement in syntax and logical form},
}

@BOOK{d_achille-italiano,
  AUTHOR = {D'Achille, Paolo},
  PUBLISHER = {Il Mulino},
  DATE = {2003},
  ISBN = {9788815088710},
  SERIES = {Itinerari: Linguistica},
  TITLE = {L'italiano contemporaneo},
}

@BOOK{berruto2012sociolinguistica,
  AUTHOR = {Berruto, G.},
  PUBLISHER = {Carocci},
  DATE = {2012},
  ISBN = {9788843063499},
  SERIES = {Manuali universitari: Linguistica},
  TITLE = {Sociolinguistica dell'italiano contemporaneo},
}

@ARTICLE{bianchi-1992,
  AUTHOR = {Bianchi, Valentina},
  DATE = {1992},
  JOURNALTITLE = {Rivista di Grammatica Generativa},
  PAGES = {105--127},
  TITLE = {Sulla struttura funzionale del sintagma nominale italiano},
  VOLUME = {17},
}

@INPROCEEDINGS{schmid-treetagger,
  AUTHOR = {Schmid, Helmut},
  BOOKTITLE = {Proceedings of International Conference on New Methods in Language Processing},
  DATE = {1994},
  TITLE = {Probabilistic Part-of-Speech Tagging Using Decision Trees},
}

@MISC{czech-it,
  AUTHOR = {Petolicchio, Marco and Bolpagni, Marcello},
  DATE = {2017-07},
  DOI = {10.5281/zenodo.824984},
  TITLE = {{Czech-IT! - Linguistic corpus of native Czech learners acquiring Italian language}},
}

@MISC{glottolog,
  AUTHOR = {Hammarström, Harald and Forkel, Robert and Haspelmath, Martin},
  DATE = {2017-03},
  DOI = {10.5281/zenodo.437430},
  TITLE = {clld/glottolog: Glottolog database 3.0},
}

@INBOOK{abney1997,
  ABSTRACT = {The initial impetus for the current popularity of statistical methods in computational linguistics was provided in large part by the papers on part-of-speech tagging by Church (1988), DeRose (1988), and Garside (1987b). In contradiction to common wisdom, these taggers showed that it was indeed possible to carve part-of-speech disambiguation out of the apparently monolithic problem of natural language understanding, and solve it with impressive accuracy.},
  AUTHOR = {Abney, S.},
  EDITOR = {Young, Steve and Bloothooft, Gerrit},
  LOCATION = {Dordrecht},
  PUBLISHER = {Springer Netherlands},
  BOOKTITLE = {Corpus-Based Methods in Language and Speech Processing},
  DATE = {1997},
  DOI = {10.1007/978-94-017-1183-8_4},
  ISBN = {978-94-017-1183-8},
  PAGES = {118--136},
  TITLE = {Part-of-Speech Tagging and Partial Parsing},
}

@ARTICLE{rizzi2013,
  AUTHOR = {Rizzi, Luigi},
  DATE = {2013},
  DOI = {https://doi.org/10.1016/j.lingua.2012.12.001},
  ISSN = {0024-3841},
  JOURNALTITLE = {Lingua},
  NOTE = {SI: Syntax and cognition: core ideas and results in syntax},
  NUMBER = {Supplement C},
  PAGES = {1--13},
  TITLE = {Introduction: Core computational principles in natural language syntax},
  VOLUME = {130},
}

@ARTICLE{rothman_slabakova_2017,
  AUTHOR = {Rothman, Jason and Slabakova, Roumyana},
  PUBLISHER = {Cambridge University Press},
  DATE = {2017},
  DOI = {10.1017/S0272263117000134},
  JOURNALTITLE = {Studies in Second Language Acquisition},
  PAGES = {1--26},
  TITLE = {The Generative Approach to SLA and its place in modern Second Language Studies},
}

@ARTICLE{doi:10.1093/applin/amu027,
  AUTHOR = {Slabakova, Roumyana and Leal, Tania L. and Liskin-Gasparro, Judith},
  DATE = {2014},
  DOI = {10.1093/applin/amu027},
  EPRINT = {/oup/backfile/content_public/journal/applij/35/5/10.1093/applin/amu027/2/amu027.pdf},
  JOURNALTITLE = {Applied Linguistics},
  NUMBER = {5},
  PAGES = {601--606},
  TITLE = {We Have Moved On: Current Concepts and Positions in Generative SLA},
  VOLUME = {35},
}

@MISC{lips,
  AUTHOR = {Vedovelli, Massimo and Pallassini, Alessandro and Machetti, Sabrina and Barni, Monica and Bagna, Carla and Pieroni, Simone and Gallina, Francesca},
  PUBLISHER = {Università per Stranieri di Siena},
  URL = {http://www.parlaritaliano.it/index.php/en/data/653-corpus-lips},
  TITLE = {Corpus LIPS},
}

@MISC{valico,
  AUTHOR = {Barbera, Manuel et al.},
  PUBLISHER = {Università di Torino},
  URL = {http://www.valico.org/},
  TITLE = {VALICO: Varietà Apprendimento Lingua Italiana Corpus Online},
}

@BOOK{hawkins2001,
  AUTHOR = {Hawkins, Roger},
  PUBLISHER = {Wiley-Blackwell},
  DATE = {2001},
  TITLE = {Second language syntax: A generative introduction},
}

@ARTICLE{sorace2011pinning,
  AUTHOR = {Sorace, Antonella},
  PUBLISHER = {John Benjamins Publishing Company},
  DATE = {2011},
  JOURNALTITLE = {Linguistic approaches to bilingualism},
  NUMBER = {1},
  PAGES = {1--33},
  TITLE = {Pinning down the concept of “interface” in bilingualism},
  VOLUME = {1},
}

@BOOK{fodor2001,
  AUTHOR = {Fodor, J.A.},
  PUBLISHER = {MIT Press},
  DATE = {2001},
  ISBN = {9780262561464},
  SERIES = {Bradford book},
  TITLE = {The Mind Doesn't Work that Way: The Scope and Limits of Computational Psychology},
}

@ARTICLE{hcf2002,
  AUTHOR = {Hauser, Marc D. and Chomsky, Noam and Fitch, W. Tecumseh},
  DATE = {2002-11},
  DOI = {10.1126/science.298.5598.1569},
  JOURNALTITLE = {Science},
  PAGES = {1569--1579},
  TITLE = {The Faculty of Language: What Is It, Who Has It, and How Did It Evolve?},
  VOLUME = {298},
}

