
@InBook{	  abney1997,
  author	= "Abney, S.",
  editor	= "Young, Steve and Bloothooft, Gerrit",
  title		= "Part-of-Speech Tagging and Partial Parsing",
  booktitle	= "Corpus-Based Methods in Language and Speech Processing",
  year		= "1997",
  publisher	= "Springer Netherlands",
  address	= "Dordrecht",
  pages		= "118--136",
  isbn		= "978-94-017-1183-8",
  doi		= "10.1007/978-94-017-1183-8_4"
}

@Misc{		  adger2011,
  author	= "Adger, David",
  title		= "Label and Structures",
  year		= "2011",
  month		= "April"
}

@Misc{		  adger2017,
  author	= "Adger, David",
  title		= "A Memory Architecture for Merge",
  year		= "2017",
  month		= "Feb"
}

@Book{		  beekes_comparative_2011,
  title		= {Comparative Indo-European Linguistics},
  volume	= {1},
  isbn		= {978-90-2721-185-9},
  publisher	= {John Benjamins Publishing},
  author	= {Beekes, R. S. P. and Cor de Vaan, M. A.},
  year		= {2011}
}

@Book{		  berruto2012,
  title		= {Sociolinguistica dell'italiano contemporaneo},
  author	= {Berruto, G.},
  isbn		= {9788843063499},
  lccn		= {2012446853},
  series	= {Manuali universitari: Linguistica},
  year		= {2012},
  publisher	= {Carocci}
}

@Article{	  bianchi1992,
  title		= "Sulla struttura funzionale del sintagma nominale italiano",
  author	= "Valentina Bianchi",
  year		= "1992",
  pages		= "105--127",
  journal	= "Rivista di Grammatica Generativa",
  volume	= "17"
}

@Book{		  bird2009,
  title		= {Natural Language Processing with Python: Analyzing Text
		  with the Natural Language Toolkit},
  author	= {Bird, Steven and Klein, Ewan and Loper, Edward},
  publisher	= {O'Reilly Media},
  isbn		= {978-0-596-51649-9},
  year		= {2009},
  series	= {},
  edition	= {},
  volume	= {}
}

@Book{		  chiari2007,
  title		= {Introduzione alla linguistica computazionale},
  author	= {Chiari, Isabella},
  isbn		= {9788842082095},
  lccn		= {2007356678},
  series	= {Percorsi (Editori Laterza)},
  url		= {https://books.google.cz/books?id=EhZjAgAACAAJ},
  year		= {2007},
  publisher	= {Laterza}
}

@Book{		  chomsky1995,
  title		= {The Minimalist Program},
  author	= {Chomsky, Noam},
  isbn		= {9780262531283},
  lccn		= {95004654},
  series	= {Current studies in linguistics series},
  year		= {1995},
  publisher	= {MIT Press}
}

@Book{		  chomsky1998,
  title		= {Minimalist Inquiries: The Framework},
  author	= {Chomsky, Noam},
  series	= {MIT occasional papers in linguistics},
  year		= {1998},
  publisher	= {MIT Working Papers in Linguistics, MIT, Department of
		  Linguistics}
}

@Book{		  chomsky1999,
  title		= {Derivation by Phase},
  author	= {Chomsky, Noam},
  series	= {MIT occasional papers in linguistics},
  year		= {1999},
  publisher	= {MIT, Department of Linguistics}
}

@Article{	  chomsky2013,
  title		= "Problems of projection",
  journal	= "Lingua",
  volume	= "130",
  number	= "",
  pages		= "33 - 49",
  year		= "2013",
  note		= "SI: Syntax and cognition: core ideas and results in
		  syntax",
  issn		= "0024-3841",
  doi		= "http://dx.doi.org/10.1016/j.lingua.2012.12.003",
  author	= "Chomsky, Noam",
  keywords	= "Minimal search"
}

@InBook{	  chomsky2015,
  title		= "Problems of projection: Extensions",
  booktitle	= "Structures, Strategies and Beyond: Studies in honour of
		  Adriana Belletti",
  series	= "Linguistic Aktuell",
  volume	= "223",
  pages		= "1-16",
  year		= "2015",
  doi		= "http://10.1075/la.223.01cho",
  author	= "Chomsky, Noam"
}

@Book{		  clark_handbook_2010-1,
  title		= {The Handbook of Computational Linguistics and Natural
		  Language Processing},
  volume	= {1},
  isbn		= {978-14-0515-581-6},
  author	= {Clark, Alexander},
  year		= {2010}
}

@InCollection{	  collins2002,
  author	= {Collins, Christopher},
  title		= {{Eliminating labels}},
  booktitle	= {{Derivation and explanation in the minimalist program}},
  editor	= {Epstein, Samuel and Seely, Daniel},
  publisher	= {Blackwell},
  address	= {Oxford},
  pages		= {42--64},
  year		= {2002}
}

@Misc{		  czech-it,
  author	= {Petolicchio, Marco and Bolpagni, Marcello},
  title		= {{Czech-IT! - Linguistic corpus of native Czech learners
		  acquiring Italian language}},
  month		= {jul},
  year		= {2017},
  doi		= {10.5281/zenodo.824984}
}

@Book{		  d_achille-italiano,
  title		= {L'italiano contemporaneo},
  author	= {D'Achille, Paolo},
  isbn		= {9788815088710},
  series	= {Itinerari: Linguistica},
  year		= {2003},
  publisher	= {Il Mulino}
}

@Article{	  doi:10.1093/applin/amu027,
  author	= {Slabakova, Roumyana and Leal, Tania L. and
		  Liskin-Gasparro, Judith},
  title		= {We Have Moved On: Current Concepts and Positions in
		  Generative SLA},
  journal	= {Applied Linguistics},
  volume	= {35},
  number	= {5},
  pages		= {601-606},
  year		= {2014},
  doi		= {10.1093/applin/amu027},
  eprint	= {/oup/backfile/content_public/journal/applij/35/5/10.1093/applin/amu027/2/amu027.pdf}
}

@Book{		  ellis_study_101,
  title		= {The Study of Second Language Acquisition},
  volume	= {1},
  isbn		= {978-01-9442-257-4},
  author	= {Ellis, Rod},
  year		= {1994}
}

@Book{		  fodor2001,
  title		= {The Mind Doesn't Work that Way: The Scope and Limits of
		  Computational Psychology},
  author	= {Fodor, J.A.},
  isbn		= {9780262561464},
  lccn		= {99089687},
  series	= {Bradford book},
  year		= {2001},
  publisher	= {MIT Press}
}

@Misc{		  glottolog,
  author	= {Harald Hammarström and Robert Forkel and Martin
		  Haspelmath},
  title		= {clld/glottolog: Glottolog database 3.0},
  month		= {mar},
  year		= {2017},
  doi		= {10.5281/zenodo.437430}
}

@Book{		  guasti2002,
  title		= {Language Acquisition: The Growth of Grammar},
  author	= {Maria Teresa Guasti},
  publisher	= {The MIT Press},
  isbn		= {9780262072229},
  year		= {2002},
  series	= {},
  edition	= {},
  volume	= {}
}

@Book{		  hawkins2001,
  title		= {Second language syntax: A generative introduction},
  author	= {Hawkins, Roger},
  year		= {2001},
  publisher	= {Wiley-Blackwell}
}

@Article{	  hcf2002,
  author	= {Hauser, Marc D. and Chomsky, Noam and Fitch, W. Tecumseh},
  title		= {The Faculty of Language: What Is It, Who Has It, and How
		  Did It Evolve?},
  journal	= {Science},
  year		= {2002},
  month		= {11},
  volume	= {298},
  pages		= {1569-1579},
  doi		= {10.1126/science.298.5598.1569}
}

@Book{		  kuebler-corpus_linguistics,
  title		= {Corpus Linguistics and Linguistically Annotated Corpora},
  author	= {Kuebler, Sandra and Zinsmeister, Heike },
  publisher	= {Bloomsbury Academic},
  isbn		= {1441116753,9781441116758},
  year		= {2015},
  series	= {},
  edition	= {annotated edition},
  volume	= {}
}

@Book{		  kurdi_natural_2016-2,
  title		= {Natural Language Processing and Computational
		  Linguistics},
  author	= {Kurdi, Mohamed Zakaria},
  year		= {2016}
}

@Misc{		  lips,
  author	= {Vedovelli, Massimo and Pallassini, Alessandro and
		  Machetti, Sabrina and Barni, Monica and Bagna, Carla and
		  Pieroni, Simone and Gallina, Francesca},
  title		= {Corpus LIPS},
  year		= {1993-2006},
  publisher	= {Università per Stranieri di Siena},
  url		= {http://www.parlaritaliano.it/index.php/en/data/653-corpus-lips}
}

@Article{	  longobardi-n_movement,
  title		= "Reference and proper names: a theory of N-movement in
		  syntax and logical form",
  author	= "Giuseppe Longobardi",
  year		= "1994",
  pages		= "609--665",
  journal	= "Linguistic Inquiry",
  issn		= "0024-3892",
  publisher	= "MIT Press Journals"
}

@Manual{	  r-bookdown,
  title		= {bookdown: Authoring Books and Technical Documents with R
		  Markdown},
  author	= {Yihui Xie},
  year		= {2017},
  note		= {R package version 0.5.10},
  url		= {https://github.com/rstudio/bookdown}
}

@Article{	  r-textmining--feinerhornikmeyer,
  title		= {Text Mining Infrastructure in R},
  author	= {Ingo Feinerer, Kurt Hornik, and David Meyer},
  year		= {2008},
  journal	= {Journal of Statistical Software},
  volume	= {25},
  number	= {5},
  pages		= {1-54},
  url		= {http://www.jstatsoft.org/v25/i05/}
}

@Article{	  rizzi2013,
  title		= "Introduction: Core computational principles in natural
		  language syntax",
  journal	= "Lingua",
  volume	= "130",
  number	= "Supplement C",
  pages		= "1 - 13",
  year		= "2013",
  note		= "SI: Syntax and cognition: core ideas and results in
		  syntax",
  issn		= "0024-3841",
  doi		= "https://doi.org/10.1016/j.lingua.2012.12.001",
  author	= "Luigi Rizzi"
}

@Article{	  rothman_slabakova_2017,
  title		= {The Generative Approach to SLA and its place in modern
		  Second Language Studies},
  doi		= {10.1017/S0272263117000134},
  journal	= {Studies in Second Language Acquisition},
  publisher	= {Cambridge University Press},
  author	= {Rothman, Jason and Slabakova, Roumyana},
  year		= {2017},
  pages		= {1–26}
}

@InProceedings{	  schmid-treetagger,
  title		= "Probabilistic Part-of-Speech Tagging Using Decision Trees",
  author	= "Helmut Schmid",
  year		= "1994",
  booktitle	= "Proceedings of International Conference on New Methods in
		  Language Processing",
  place		= "Manchester"
}

@Article{	  selinker1972,
  author	= "Selinker, Larry",
  journal	= "International Review of Applied Linguistics in Language
		  Teaching",
  number	= "1--4",
  pages		= "209--232",
  title		= "Interlanguage",
  volume	= 10,
  year		= 1972
}

@Article{	  sorace2011pinning,
  title		= {Pinning down the concept of “interface” in
		  bilingualism},
  author	= {Sorace, Antonella},
  journal	= {Linguistic approaches to bilingualism},
  volume	= {1},
  number	= {1},
  pages		= {1--33},
  year		= {2011},
  publisher	= {John Benjamins Publishing Company}
}

@Misc{		  valico,
  author	= {Barbera, Manuel et al.},
  title		= {VALICO: Varietà Apprendimento Lingua Italiana Corpus
		  Online},
  year		= {2003-},
  publisher	= {Università di Torino},
  url		= {http://www.valico.org/}
}
